<record><leader>00000cas a22000007a 4500</leader><controlfield tag="001">16896767</controlfield><controlfield tag="008">871026c18999999ohuwr ne      0    0eng d</controlfield><datafield ind1=" " ind2=" " tag="010"><subfield code="a">sn 87076761 </subfield></datafield><datafield ind1=" " ind2=" " tag="040"><subfield code="a">ONP</subfield><subfield code="b">eng</subfield><subfield code="c">ONP</subfield><subfield code="d">OCLCQ</subfield></datafield><datafield ind1=" " ind2=" " tag="042"><subfield code="a">msc</subfield></datafield><datafield ind1="0" ind2="4" tag="245"><subfield code="a">The Pandora times.</subfield></datafield><datafield ind1="3" ind2="0" tag="246"><subfield code="a">Times</subfield></datafield><datafield ind1=" " ind2=" " tag="260"><subfield code="a">Pandora, Ohio :</subfield><subfield code="b">Beck Pub. Co.</subfield></datafield><datafield ind1=" " ind2=" " tag="310"><subfield code="a">Weekly</subfield></datafield><datafield ind1="1" ind2=" " tag="362"><subfield code="a">Began in 1899.</subfield></datafield><datafield ind1=" " ind2=" " tag="500"><subfield code="a">Published as: Times, Jan. 27, 1972-Dec. 21, 1972 and &lt;Oct. 15, 1981&gt;-July 1, 1982.</subfield></datafield><datafield ind1=" " ind2=" " tag="588"><subfield code="a">Description based on: Vol. 2, no. 52 (Sept. 20, 1901).</subfield></datafield><datafield ind1=" " ind2=" " tag="752"><subfield code="a">United States</subfield><subfield code="b">Ohio</subfield><subfield code="c">Putnam</subfield><subfield code="d">Pandora.</subfield></datafield></record>